<?xml version="1.0" encoding="UTF-8"?><collection xmlns="http://www.loc.gov/MARC21/slim"><record><leader>00585nam--2200193-i-4500</leader><controlfield tag="001">000014789</controlfield><controlfield tag="002">20161230</controlfield><controlfield tag="005">20161230201031</controlfield><controlfield tag="008">060222s1000------------r-----000-0-eng-d</controlfield><datafield ind1=" " ind2=" " tag="020"><subfield code="a">0121990508</subfield></datafield><datafield ind1=" " ind2=" " tag="040"><subfield code="a">IFIN-HH</subfield></datafield><datafield ind1=" " ind2=" " tag="080"><subfield code="a">531.19:535.43</subfield></datafield><datafield ind1="1" ind2=" " tag="100"><subfield code="a">Crosignani, Bruno</subfield></datafield><datafield ind1="1" ind2="0" tag="245"><subfield code="a">Statistical properties of scatered light</subfield><subfield code="c">Bruno crosignani, paolo di porto, mario bertolotti</subfield></datafield><datafield ind1=" " ind2=" " tag="260"><subfield code="a">New York, Academic Press, 1975</subfield></datafield><datafield ind1=" " ind2=" " tag="490"><subfield code="a">Quantum Electronics - Principles And Applications</subfield></datafield><datafield ind1="1" ind2=" " tag="700"><subfield code="a">Bertolotti, Mario</subfield></datafield><datafield ind1=" " ind2=" " tag="852"><subfield code="a">43302</subfield><subfield code="c">535</subfield></datafield><datafield ind1=" " ind2=" " tag="CAT"><subfield code="a">Sys</subfield><subfield code="c">20101108</subfield><subfield code="h">150221</subfield></datafield></record></collection>